@book{carter,
    title={Bloody Chamber: And Other Stories (Penguin Ink)},
    ISBN={9780143119043},
    publisher={Penguin Books},
    author={Angela Carter},
    year={2011},
    language={eng}
}

@book{machado,
    title={Her body and other parties: stories},
    ISBN={9781555977887},
    publisher={Graywolf Press},
    author={Carmen Maria Machado},
    year={2017},
    language={eng}
}

@book{glossary,
    title={The Wiley Guide to Writing Essays about literature},
    url={http://ebookcentral.proquest.com/lib/cunygc/detail.action?docID=7103817},
    journal={ProQuest Ebook Central},
    publisher={John Wiley \& Sons, Inc.},
    author={Headrick, Paul},
    year={2013}
} 

@article{dissociation,
  doi = {10.1097/00005053-200109000-00010},
  url = {https://doi.org/10.1097/00005053-200109000-00010},
  year = {2001},
  month = sep,
  publisher = {Ovid Technologies (Wolters Kluwer Health)},
  volume = {189},
  number = {9},
  pages = {629--636},
  author = {Mauricio Sierra AND German E. Berrios},
  title = {The Phenomenological Stability of Depersonalization: Comparing the Old with the New},
  journal = {The Journal of Nervous and Mental Disease}
}